@Article{pmid19836331,
	Author="Moore, P."
	Title="{{O}n the relationship between diffraction patterns and motions in macromolecular crystals}",
	Journal="Structure",
	Year="2009"
}
@Article{pmid26863980,
   Author="Ayyer, K.  and Yefanov, O. M.  and Oberthur, D.  and Roy-Chowdhury, S.  and Galli, L.  and Mariani, V.  and Basu, S.  and Coe, J.  and Conrad, C. E.  and Fromme, R.  and Schaffer, A.  and Dorner, K.  and James, D.  and Kupitz, C.  and Metz, M.  and Nelson, G.  and Xavier, P. L.  and Beyerlein, K. R.  and Schmidt, M.  and Sarrou, I.  and Spence, J. C.  and Weierstall, U.  and White, T. A.  and Yang, J. H.  and Zhao, Y.  and Liang, M.  and Aquila, A.  and Hunter, M. S.  and Robinson, J. S.  and Koglin, J. E.  and Boutet, S.  and Fromme, P.  and Barty, A.  and Chapman, H. N. ",
   Title="{{M}acromolecular diffractive imaging using imperfect crystals}",
   Journal="Nature",
   Year="2016",
   Volume="530",
   Number="7589",
   Pages="202--206",
   Month="Feb"
}
@Article{pmid24673391,
   Author="Zhou, L.  and Liu, Q. ",
   Title="{{A}ligning experimental and theoretical anisotropic {B}-factors: water models, normal-mode analysis methods, and metrics}",
   Journal="J Phys Chem B",
   Year="2014",
   Volume="118",
   Number="15",
   Pages="4069--4079",
   Month="Apr"
}

