@article{hura2000,
author = {Greg Hura and Jon M. Sorenson and Robert M. Glaeser and Teresa Head-Gordon},
title = {A high-quality x-ray scattering experiment on liquid water at ambient conditions},
journal = {The Journal of Chemical Physics},
volume = {113},
number = {20},
pages = {9140-9148},
year = {2000},
doi = {10.1063/1.1319614},
}
@misc{thor,
  author = {Lane, Thomas J.},
  title = {Thor},
  year = {2017},
  publisher = {GitHub},
  journal = {GitHub repository},
  howpublished = {\url{https://github.com/tjlane/thor}},
}
@Article{wall2009,
   Author="Wall, M. E. ",
   Title="{{M}ethods and software for diffuse {X}-ray scattering from protein crystals}",
   Journal="Methods Mol. Biol.",
   Year="2009",
   Volume="544",
   Pages="269--279"
}
@article{boysen1987,
author = "Boysen, H. and Adlhart, W.",
title = "{Resolution corrections in diffuse scattering experiments}",
journal = "Journal of Applied Crystallography",
year = "1987",
volume = "20",
number = "3",
pages = "200--209",
month = "Jun",
doi = {10.1107/S0021889887086825},
url = {https://doi.org/10.1107/S0021889887086825},
}
@Article{pmid20124693,
   Author="Kabsch, W. ",
   Title="{{I}ntegration, scaling, space-group assignment and post-refinement}",
   Journal="Acta Crystallogr. D Biol. Crystallogr.",
   Year="2010",
   Volume="66",
   Number="Pt 2",
   Pages="133--144",
   Month="Feb"
}
@data{ sbdb68,
 author = { Fraser, JS   },
 publisher = { SBGrid Data Bank },
 title = { X-Ray Diffraction data for: Cyclophilin A. PDB Code 4YUO },
 year = { 2015 },
 doi = { 10.15785/SBGRID/68 },
 url = { http://dx.doi.org/10.15785/SBGRID/68 }
}
@Article{xds,
   Author="Kabsch, W. ",
   Title="{{X}{D}{S}}",
   Journal="Acta Crystallogr. D Biol. Crystallogr.",
   Year="2010",
   Volume="66",
   Number="Pt 2",
   Pages="125--132",
   Month="Feb"
}
@Article{dials,
   Author="Waterman, D. G.  and Winter, G.  and Gildea, R. J.  and Parkhurst, J. M.  and Brewster, A. S.  and Sauter, N. K.  and Evans, G. ",
   Title="{{D}iffraction-geometry refinement in the {D}{I}{A}{L}{S} framework}",
   Journal="Acta Crystallogr D Struct Biol",
   Year="2016",
   Volume="72",
   Number="Pt 4",
   Pages="558--575",
   Month="Apr"
}


